
@inproceedings{f_maulana_unmasking_2023,
	title = {Unmasking log4jâ€™s {Vulnerability}: {Protecting} {Systems} against {Exploitation} through {Ethical} {Hacking} and {Cyberlaw} {Perspectives}},
	isbn = {2836-1911},
	doi = {10.1109/ICCCE58854.2023.10246082},
	booktitle = {2023 9th {International} {Conference} on {Computer} and {Communication} {Engineering} ({ICCCE})},
	author = {{F. Maulana} and {H. Fajri} and {M. F. Safitra} and {M. Lubis}},
	month = aug,
	year = {2023},
	note = {Journal Abbreviation: 2023 9th International Conference on Computer and Communication Engineering (ICCCE)},
	pages = {311--316},
}

@inproceedings{h_gupta_identification_2022,
	title = {Identification and {Analysis} of {Log4j} {Vulnerability}},
	isbn = {2767-7362},
	doi = {10.1109/SMART55829.2022.10047372},
	booktitle = {2022 11th {International} {Conference} on {System} {Modeling} \& {Advancement} in {Research} {Trends} ({SMART})},
	author = {{H. Gupta} and {A. Chaudhary} and {A. Kumar}},
	month = dec,
	year = {2022},
	note = {Journal Abbreviation: 2022 11th International Conference on System Modeling \& Advancement in Research Trends (SMART)},
	pages = {1580--1583},
}
